/home/murraycadzow/data/gwas_catalog/diseaseGR-25-7-2017.bib